@manual{wzorki,
author = {e-Trapez},
title = {Wzory na pochodne},
}
@book{matematyka,
author = {Wikieł, Barbara},
title = {Matematyka, Podstawy z elementami matematyki wyższej},
year = 2013,
publisher = {Wydawnictwo Politechniki Gdańskiej}
}